
@article{ma_accurate_2003,
	title = {Accurate on-line support vector regression},
	volume = {15},
	number = {11},
	journal = {Neural Computation},
	author = {Ma, Junshui and Theiler, James and Perkins, Simon},
	year = {2003},
	pages = {2683--2703}
}

@inproceedings{ikonomovska_regression_2009,
	title = {Regression trees from data streams with drift detection},
	booktitle = {Discovery {Science}},
	publisher = {Springer},
	author = {Ikonomovska, Elena and Gama, João and Sebastião, Raquel and Gjorgjevik, Dejan},
	year = {2009},
	pages = {121--135}
}

@incollection{lemaire_survey_2015,
	title = {A survey on supervised classification on data streams},
	booktitle = {Business {Intelligence}},
	publisher = {Springer},
	author = {Lemaire, Vincent and Salperwyck, Christophe and Bondu, Alexis},
	year = {2015},
	pages = {88--125}
}

@article{phillips_technique_1962,
	title = {A technique for the numerical solution of certain integral equations of the first kind},
	volume = {9},
	number = {1},
	journal = {Journal of the ACM (JACM)},
	author = {Phillips, David L},
	year = {1962},
	pages = {84--97}
}

@book{neal_bayesian_2012,
	title = {Bayesian learning for neural networks},
	volume = {118},
	publisher = {Springer Science \& Business Media},
	author = {Neal, Radford M},
	year = {2012}
}

@article{li_towards_2014,
	title = {Towards the online learning with {Kernels} in classification and regression},
	volume = {5},
	doi = {10.1007/s12530-013-9090-9},
	journal = {Evolving Systems},
	author = {Li, Guoqi and Zhao, Guangshe and Yang, Feng},
	year = {2014},
	pages = {11--19}
}

@article{schaller_moores_1997,
	title = {Moore's law: past, present and future},
	volume = {34},
	number = {6},
	journal = {Spectrum, IEEE},
	author = {Schaller, Robert R},
	year = {1997},
	pages = {52--59}
}

@book{shalev-shwartz_understanding_2014,
	title = {Understanding {Machine} {Learning}: {From} {Theory} to {Algorithms}},
	publisher = {Cambridge University Press},
	author = {Shalev-Shwartz, Shai and Ben-David, Shai},
	year = {2014}
}

@article{gama_issues_2009,
	title = {Issues in evaluation of stream learning algorithms},
	doi = {10.1145/1557019.1557060},
	journal = {Proceedings of the 15th ACM SIGKDD international conference on Knowledge discovery and data mining - KDD '09},
	author = {Gama, João and Sebastião, Raquel and Rodrigues, Pedro Pereira},
	year = {2009},
	pages = {329--337}
}

@inproceedings{ivanov_linear_1962,
	title = {On linear problems which are not well-posed},
	volume = {3},
	booktitle = {Soviet {Math}. {Dokl}},
	author = {Ivanov, Valentin Konstantinovich},
	year = {1962},
	pages = {981--983}
}

@article{domingos_catching_2001,
	title = {Catching up with the data: {Research} issues in mining data streams},
	journal = {Workshop on Research Issues in Data Mining and Knowledge Discovery},
	author = {Domingos, P. and Hulten, G.},
	year = {2001}
}

@article{bontempi_statistical_2011,
	title = {Statistical foundations of machine learning},
	journal = {Université Libre de Bruxelles},
	author = {Bontempi, Gianluca},
	year = {2011}
}

@article{chu_bayesian_2001,
	title = {Bayesian inference in support vector regression},
	journal = {National University of Singapore: Technical Report CD-01-15},
	author = {Chu, Wei and Keerthi, S Sathiya and Ong, Chong Jin},
	year = {2001}
}

@book{hardle_nonparametric_2012,
	title = {Nonparametric and semiparametric models},
	publisher = {Springer Science \& Business Media},
	author = {Härdle, Wolfgang Karl and Müller, Marlene and Sperlich, Stefan and Werwatz, Axel},
	year = {2012}
}

@inproceedings{blum_optimization_2013,
	title = {Optimization of {Gaussian} {Process} {Hyperparameters} using {Rprop}},
	booktitle = {European {Symposium} on {Artificial} {Neural} {Networks}, {Computational} {Intelligence} and {Machine} {Learning}},
	author = {Blum, Manuel and Riedmiller, Martin},
	year = {2013}
}

@incollection{rasmussen_gaussian_2004,
	title = {Gaussian processes in machine learning},
	booktitle = {Advanced lectures on machine learning},
	publisher = {Springer},
	author = {Rasmussen, Carl Edward},
	year = {2004},
	pages = {63--71}
}

@article{jang_two_2006,
	title = {Two {Bootstrap} {Confidence} {Intervals} of {Ridge} {Regression} {Estimators} in {Mixture} {Experiments}},
	volume = {19},
	number = {2},
	journal = {KOREAN JOURNAL OF APPLIED STATISTICS},
	author = {Jang, D},
	year = {2006},
	pages = {339}
}

@article{akdere_learning-based_2012,
	title = {Learning-based {Query} {Performance} {Modeling} and {Prediction}},
	doi = {10.1109/ICDE.2012.64},
	journal = {2012 IEEE 28th International Conference on Data Engineering},
	author = {Akdere, Mert and Çetintemel, Ugur and Riondato, Matteo and Upfal, Eli and Zdonik, Stanley B.},
	year = {2012},
	pages = {390--401}
}

@book{kacprzyk_springer_2015,
	title = {Springer {Handbook} of {Computational} {Intelligence}},
	publisher = {Springer},
	author = {Kacprzyk, Janusz and Pedrycz, Witold},
	year = {2015}
}

@inproceedings{heimel_demonstrating_2014,
	title = {Demonstrating {Self}-{Learning} {Algorithm} {Adaptivity} in a {Hardware}-{Oblivious} {Database} {Engine}.},
	booktitle = {{EDBT}},
	author = {Heimel, Max and Haase, Filip and Meinke, Martin and Bre{\textbackslash}s s, Sebastian and Saecker, Michael and Markl, Volker},
	year = {2014},
	pages = {616--619}
}

@article{dawid_present_1984,
	title = {Present position and potential developments: {Some} personal views: {Statistical} theory: {The} prequential approach},
	journal = {Journal of the Royal Statistical Society. Series A (General)},
	author = {Dawid, A Philip},
	year = {1984},
	pages = {278--292}
}

@article{firinguetti_asymptotic_2011,
	title = {Asymptotic confidence intervals in ridge regression based on the edgeworth expansion},
	volume = {52},
	number = {2},
	journal = {Statistical Papers},
	author = {Firinguetti, Luis and Bobadilla, Gladys},
	year = {2011},
	pages = {287--307}
}

@article{tuomi_lives_2002,
	title = {The lives and death of {Moore}'s {Law}},
	volume = {7},
	number = {11},
	journal = {First Monday},
	author = {Tuomi, Ilkka},
	year = {2002}
}

@article{hoerl_ridge_1970,
	title = {Ridge regression: {Biased} estimation for nonorthogonal problems},
	volume = {12},
	number = {1},
	journal = {Technometrics},
	author = {Hoerl, Arthur E and Kennard, Robert W},
	year = {1970},
	pages = {55--67}
}

@article{poggio_incremental_2001,
	title = {Incremental and decremental support vector machine learning},
	volume = {13},
	journal = {Advances in neural information processing systems},
	author = {Poggio, T and Cauwenberghs, G},
	year = {2001},
	pages = {409}
}

@book{yatchew_semiparametric_2003,
	title = {Semiparametric regression for the applied econometrician},
	publisher = {Cambridge University Press},
	author = {Yatchew, Adonis},
	year = {2003}
}

@book{rasmussen_gaussian_2005,
	title = {Gaussian {Processes} for {Machine} {Learning} ({Adaptive} {Computation} and {Machine} {Learning})},
	isbn = {0-262-18253-X},
	publisher = {The MIT Press},
	author = {Rasmussen, Carl Edward and Williams, Christopher K. I.},
	year = {2005}
}

@book{vovk_algorithmic_2005,
	title = {Algorithmic learning in a random world},
	publisher = {Springer Science \& Business Media},
	author = {Vovk, Vladimir and Gammerman, Alex and Shafer, Glenn},
	year = {2005}
}

@inproceedings{van_vaerenbergh_sliding-window_2006,
	title = {A sliding-window kernel {RLS} algorithm and its application to nonlinear channel identification},
	volume = {5},
	booktitle = {Acoustics, {Speech} and {Signal} {Processing}, 2006. {ICASSP} 2006 {Proceedings}. 2006 {IEEE} {International} {Conference} on},
	publisher = {IEEE},
	author = {Van Vaerenbergh, Steven and Via, Javier and Santamaría, Ignacio},
	year = {2006},
	pages = {V--V}
}

@article{bergstra_random_2012,
	title = {Random search for hyper-parameter optimization},
	volume = {13},
	number = {1},
	journal = {The Journal of Machine Learning Research},
	author = {Bergstra, James and Bengio, Yoshua},
	year = {2012},
	pages = {281--305}
}

@article{nguyen-tuong_incremental_2008,
	title = {Incremental {Sparsification} for {Real}-time {Online} {Model} {Learning}},
	journal = {Processing},
	author = {Nguyen-tuong, Duy and Peters, Jan},
	year = {2008},
	pages = {557--564}
}

@article{vovk_-line_2009,
	title = {On-line predictive linear regression},
	volume = {37},
	number = {3},
	journal = {The Annals of Statistics},
	author = {Vovk, Vladimir and Nouretdinov, Ilia and Gammerman, Alex and {others}},
	year = {2009},
	pages = {1566--1590}
}

@article{bartlett_inverse_1951,
	title = {An inverse matrix adjustment arising in discriminant analysis},
	journal = {The Annals of Mathematical Statistics},
	author = {Bartlett, Maurice S},
	year = {1951},
	pages = {107--111}
}

@article{moore_cramming_1965,
	title = {Cramming {More} {Components} {Onto} {Integrated} {Circuits}, {Electronics},(38) 8},
	author = {Moore, Gordon},
	year = {1965}
}

@article{heimel_hardware-oblivious_2013,
	title = {Hardware-{Oblivious} {Parallelism} for {In}-{Memory} {Column}-{Stores}},
	volume = {6},
	doi = {10.14778/2536360.2536370},
	number = {9},
	journal = {Proceedings of the International Conference on Very Large Databases (VLDB)},
	author = {Heimel, Max and Saecker, Michael and Pirk, Holger and Manegold, Stefan and Markl, Volker},
	year = {2013},
	pages = {709--720}
}

@article{crivelli_confidence_1995,
	title = {Confidence intervals in ridge regression by bootstrapping the dependent variable: a simulation study},
	volume = {24},
	number = {3},
	journal = {Communications in Statistics-Simulation and Computation},
	author = {Crivelli, Ana and Firinguetti, Luis and Montaño, Rosa and Muñóz, Margarita},
	year = {1995},
	pages = {631--652}
}

@article{gijsberts_incremental_2011,
	title = {Incremental learning of robot dynamics using random features},
	doi = {10.1109/ICRA.2011.5980191},
	journal = {2011 IEEE International Conference on Robotics and Automation},
	author = {Gijsberts, Arjan and Metta, Giorgio},
	year = {2011},
	pages = {951--956}
}

@article{hardle_optimal_1985,
	title = {Optimal bandwidth selection in nonparametric regression function estimation},
	journal = {The Annals of Statistics},
	author = {Hardle, Wolfgang and Marron, James Stephen},
	year = {1985},
	pages = {1465--1481}
}

@article{blight_bayesian_1975,
	title = {A {Bayesian} approach to model inadequacy for polynomial regression},
	volume = {62},
	number = {1},
	journal = {Biometrika},
	author = {Blight, BJN and Ott, L},
	year = {1975},
	pages = {79--88}
}

@article{gama_evaluating_2013,
	title = {On evaluating stream learning algorithms},
	volume = {90},
	doi = {10.1007/s10994-012-5320-9},
	journal = {Machine Learning},
	author = {Gama, João and Sebastião, Raquel and Rodrigues, Pedro Pereira},
	year = {2013},
	pages = {317--346}
}

@book{vapnik_nature_2000,
	title = {The {Nature} of {Statistical} {Learning} {Theory}},
	publisher = {Springer Science \& Business Media},
	author = {Vapnik, Vladimir},
	year = {2000}
}

@book{silverman_density_1986,
	title = {Density estimation for statistics and data analysis},
	volume = {26},
	publisher = {CRC press},
	author = {Silverman, Bernard W},
	year = {1986}
}

@book{fukunaga_instruction_1972,
	title = {Instruction to {Statistical} {Pattern} {Recognition}},
	publisher = {Elsevier},
	author = {Fukunaga, Keinosuke},
	year = {1972}
}

@article{de_brabanter_approximate_2011,
	title = {Approximate confidence and prediction intervals for least squares support vector regression},
	volume = {22},
	number = {1},
	journal = {Neural Networks, IEEE Transactions on},
	author = {De Brabanter, Kris and De Brabanter, Jos and Suykens, Johan AK and De Moor, Bart},
	year = {2011},
	pages = {110--120}
}

@article{rosasco_are_2004,
	title = {Are loss functions all the same?},
	volume = {16},
	number = {5},
	journal = {Neural Computation},
	author = {Rosasco, Lorenzo and Vito, Ernesto De and Caponnetto, Andrea and Piana, Michele and Verri, Alessandro},
	year = {2004},
	pages = {1063--1076}
}

@incollection{martin_-line_2002,
	title = {On-line support vector machine regression},
	booktitle = {Machine {Learning}: {ECML} 2002},
	publisher = {Springer},
	author = {Martin, Mario},
	year = {2002},
	pages = {282--294}
}

@article{moller_time-adaptive_2008,
	title = {Time-adaptive quantile regression},
	volume = {52},
	number = {3},
	journal = {Computational Statistics \& Data Analysis},
	author = {Møller, Jan Kloppenborg and Nielsen, Henrik Aalborg and Madsen, Henrik},
	year = {2008},
	pages = {1292--1303}
}

@article{gao_probabilistic_2002,
	title = {A probabilistic framework for {SVM} regression and error bar estimation},
	volume = {46},
	number = {1-3},
	journal = {Machine Learning},
	author = {Gao, Junbin B and Gunn, Steve R. and Harris, Chris J. and Brown, Martin},
	year = {2002},
	pages = {71--89}
}

@article{tikhonov_regularization_1963,
	title = {The {Regularization} of {Ill}-{Posed} {Problems}},
	volume = {SSR 153},
	number = {1},
	journal = {Dokl. Akad. Nauk.},
	author = {Tikhonov, A. N.},
	year = {1963},
	pages = {49--52}
}